% Include references here
@article{moosavi2019countrywide,
  title={A Countrywide Traffic Accident Dataset},
  author={Moosavi, Sobhan and Samavatian, Mohammad Hossein and Parthasarathy, Srinivasan and Ramnath, Rajiv},
  journal={arXiv preprint arXiv:1906.05409},
  year={2019}
}
@inproceedings{moosavi2019accident,
  title={Accident Risk Prediction based on Heterogeneous Sparse Data: New Dataset and Insights},
  author={Moosavi, Sobhan and Samavatian, Mohammad Hossein and Parthasarathy, Srinivasan and Teodorescu, Radu and Ramnath, Rajiv},
  booktitle={Proceedings of the 27th ACM SIGSPATIAL International Conference on Advances in Geographic Information Systems},
  pages={33--42},
  year={2019}
}
@article{hashem2015rise,
  title={The rise of “big data” on cloud computing: Review and open research issues},
  author={Hashem, Ibrahim Abaker Targio and Yaqoob, Ibrar and Anuar, Nor Badrul and Mokhtar, Salimah and Gani, Abdullah and Khan, Samee Ullah},
  journal={Information systems},
  volume={47},
  pages={98--115},
  year={2015},
  publisher={Elsevier}
}
@inproceedings{ji2012big,
  title={Big data processing in cloud computing environments},
  author={Ji, Changqing and Li, Yu and Qiu, Wenming and Awada, Uchechukwu and Li, Keqiu},
  booktitle={2012 12th international symposium on pervasive systems, algorithms and networks},
  pages={17--23},
  year={2012},
  organization={IEEE}
}
@article{zhang2016parallel,
  title={Parallel processing systems for big data: a survey},
  author={Zhang, Yunquan and Cao, Ting and Li, Shigang and Tian, Xinhui and Yuan, Liang and Jia, Haipeng and Vasilakos, Athanasios V},
  journal={Proceedings of the IEEE},
  volume={104},
  number={11},
  pages={2114--2136},
  year={2016},
  publisher={IEEE}
}
@book{leskovec2020mining,
  title={Mining of massive data sets},
  author={Leskovec, Jure and Rajaraman, Anand and Ullman, Jeffrey David},
  year={2020},
  publisher={Cambridge university press}
}
@book{hennessy2011computer,
  title={Computer architecture: a quantitative approach},
  author={Hennessy, John L and Patterson, David A},
  year={2011},
  publisher={Elsevier}
}
@book{yadav2017apache,
  title={Apache Spark 2. x Cookbook},
  author={Yadav, Rishi},
  year={2017},
  publisher={Packt Publishing Ltd}
}
@book{ryza2017advanced,
  title={Advanced analytics with spark: patterns for learning from data at scale},
  author={Ryza, Sandy and Laserson, Uri and Owen, Sean and Wills, Josh},
  year={2017},
  publisher={" O'Reilly Media, Inc."}
}
@inproceedings{wang2015performance,
  title={Performance prediction for apache spark platform},
  author={Wang, Kewen and Khan, Mohammad Maifi Hasan},
  booktitle={2015 IEEE 17th International Conference on High Performance Computing and Communications, 2015 IEEE 7th International Symposium on Cyberspace Safety and Security, and 2015 IEEE 12th International Conference on Embedded Software and Systems},
  pages={166--173},
  year={2015},
  organization={IEEE}
}
@inproceedings{liu1995chi2,
  title={Chi2: Feature selection and discretization of numeric attributes},
  author={Liu, Huan and Setiono, Rudy},
  booktitle={Proceedings of 7th IEEE International Conference on Tools with Artificial Intelligence},
  pages={388--391},
  year={1995},
  organization={IEEE}
}
@article{wold1987principal,
  title={Principal component analysis},
  author={Wold, Svante and Esbensen, Kim and Geladi, Paul},
  journal={Chemometrics and intelligent laboratory systems},
  volume={2},
  number={1-3},
  pages={37--52},
  year={1987},
  publisher={Elsevier}
}
@inproceedings{kossmann2010evaluation,
  title={An evaluation of alternative architectures for transaction processing in the cloud},
  author={Kossmann, Donald and Kraska, Tim and Loesing, Simon},
  booktitle={Proceedings of the 2010 ACM SIGMOD International Conference on Management of data},
  pages={579--590},
  year={2010}
}
@article{stupar2010rankreduce,
  title={Rankreduce-processing k-nearest neighbor queries on top of mapreduce},
  author={Stupar, Aleksandar and Michel, Sebastian and Schenkel, Ralf},
  journal={Large-Scale Distributed Systems for Information Retrieval},
  volume={15},
  year={2010},
  publisher={Citeseer}
}
@article{zaharia2010spark,
  title={Spark: Cluster computing with working sets.},
  author={Zaharia, Matei and Chowdhury, Mosharaf and Franklin, Michael J and Shenker, Scott and Stoica, Ion and others},
  journal={HotCloud},
  volume={10},
  number={10-10},
  pages={95},
  year={2010}
}
@article{thusoo2009hive,
  title={Hive: a warehousing solution over a map-reduce framework},
  author={Thusoo, Ashish and Sarma, Joydeep Sen and Jain, Namit and Shao, Zheng and Chakka, Prasad and Anthony, Suresh and Liu, Hao and Wyckoff, Pete and Murthy, Raghotham},
  journal={Proceedings of the VLDB Endowment},
  volume={2},
  number={2},
  pages={1626--1629},
  year={2009},
  publisher={VLDB Endowment}
}
@inproceedings{ekanayake2010twister,
  title={Twister: a runtime for iterative mapreduce},
  author={Ekanayake, Jaliya and Li, Hui and Zhang, Bingjing and Gunarathne, Thilina and Bae, Seung-Hee and Qiu, Judy and Fox, Geoffrey},
  booktitle={Proceedings of the 19th ACM international symposium on high performance distributed computing},
  pages={810--818},
  year={2010}
}